%--------------------------------------------------------------------
%                      REFERENCIAS UTILIZADAS
% -------------------------------------------------------------------

% Se ponen en este formato para que el procesador LaTeX las ponga en el formato APA automáticamente.

@book{
    Schildt,
    author    = "Schildt, H.",
    title     = "Java: Manual de referencia, Séptima Edición.",
    publisher = "Mc Graw Hill Interamericana",
    year      = "Enero 01, 2009",
    url = "https://ebookcentral.proquest.com/lib/bibliodgbsp/reader.action?docID=3191840#",
    note = " Páginas: 441-473. Consultado: Noviembre 2, 2020."
}

@manual{
    Departament,
    title  = "Colecciones de datos",
    author = "Depts. Ciencia de la Computación e IA",
    url    = "http://www.jtech.ua.es/j2ee/publico/lja-2012-13/sesion02-apuntes.html",
    year   = "Junio 06, 2014",
    note = "Consultado: Noviembre 02, 2020"
}

@manual{
    ORACLE,
    title  = "Java™ Platform, Standard Edition 7
API Specification",
    author = "Oracle",
    url    = "https://docs.oracle.com/javase/7/docs/api/",
    year   = "1993-2020",
    note = "Consultado: Noviembre 02, 2020"
}


@manual{
    Vindel,
    author       = "Vindel, R.",
    title        = "Introducción a las Colecciones en Java",
    year         = "Septiembre 25, 2015",
    url          = {https://www.adictosaltrabajo.com/2015/09/25/introduccion-a-colecciones-en-java/},
    note         = "Consultado: Noviembre 02, 2020",
}

@manual{
    Colecciones,
    author       = "Batista, R.",
    title        = "Colecciones en Java",
    year         = "Octubre 08, 2015",
    url          = {https://es.slideshare.net/rennybatista/java-colecciones},
    note         = "Consultado: Noviembre 03, 2020",
}